@misc{keyence,
  title = {センサのNPN/PNPについて},
  author = {KEYENCE},
  year = {2021},
  url = {https://www.keyence.co.jp/ss/products/sensor/sensorbasics/pe-npn-pnp.jsp}
}

@misc{unitv2,
  title = {UnitV2 recognition service},
  year = {2021},
  url = {https://docs.m5stack.com/en/quick_start/unitv2/base_functions}
}

@misc{dlib,
  title = {PyPI - dlib 19.24.2},
  year = {2021},
  url = {https://pypi.org/project/dlib/}
}
